@misc{diffusion,
  doi = {10.48550/ARXIV.2006.11239},
  url = {https://arxiv.org/abs/2006.11239},
  author = {Ho, Jonathan and Jain, Ajay and Abbeel, Pieter},
  keywords = {Machine Learning (cs.LG), Machine Learning (stat.ML), FOS: Computer and information sciences, FOS: Computer and information sciences},
  title = {Denoising Diffusion Probabilistic Models},
  publisher = {arXiv},
  year = {2020},
  copyright = {arXiv.org perpetual, non-exclusive license}
}
